@inproceedings{EMULATION:Distem,
  TITLE = {{Design and Evaluation of a Virtual Experimental Environment for Distributed Systems}},
  AUTHOR = {Sarzyniec, Luc and Buchert, Tomasz and Jeanvoine, Emmanuel and Nussbaum, Lucas},
  URL = {https://hal.inria.fr/hal-00724308},
  BOOKTITLE = {{PDP2013 - 21st Euromicro International Conference on Parallel, Distributed and Network-Based Processing}},
  ADDRESS = {Belfast, United Kingdom},
  PUBLISHER = {{IEEE}},
  SERIES = {21st Euromicro International Conference on Parallel, Distributed and Network-Based Processing},
  PAGES = {172 - 179},
  YEAR = {2013},
  MONTH = Feb,
  DOI = {10.1109/PDP.2013.32},
  KEYWORDS = {experimentation ; large-scale ; emulation ; virtualization ; experimental validation},
  PDF = {https://hal.inria.fr/hal-00724308/file/distem-pdp2013.pdf},
  HAL_ID = {hal-00724308},
  HAL_VERSION = {v3},
}

@inproceedings{MARTIN:SimGrid,
  TITLE = {{SimGrid: a Generic Framework for Large-Scale Distributed Experiments}},
  AUTHOR = {Quinson, Martin},
  URL = {https://hal.inria.fr/inria-00435802},
  BOOKTITLE = {{9th International conference on Peer-to-peer computing - IEEE P2P 2009}},
  ADDRESS = {Seattle, United States},
  PUBLISHER = {{IEEE}},
  YEAR = {2009},
  MONTH = Sep,
  PDF = {https://hal.inria.fr/inria-00435802/file/tuto_p2p.pdf},
  HAL_ID = {inria-00435802},
  HAL_VERSION = {v1},
}

@inproceedings{AS:Interception,
  title={Ptrace, utrace, uprobes: Lightweight, dynamic tracing of user apps},
  author={Keniston, Jim and Mavinakayanahalli, Ananth and Panchamukhi, Prasanna and Prasad, Vara},
  booktitle={Proceedings of the 2007 Linux Symposium},
  pages={215--224},
  year={2007},
}

@masterthesis{MARION:interception_systeme,
title={Interception système pour la capture et le rejeu de traces},
author={Marion GUTHMULLER},
school={Université Henri Poincaré - Nancy 1},
year={2009--2010},
}

@misc{GUILLAUME:interception_syscall,
title={Simulation of distributed application with usage of syscalls interception},
author={Guillaume SERRIERE},
school={ESIAL - TELECOM Nancy},
year={2012},
}

@misc{GUILLAUME:parallel_distributed_simulation,
title={Parallel and Distributed Simulation of Large-Scale Distributed Applications},
author={Guillaume SERRIERE},
school={ESIAL - TELECOM Nancy},
year={2013},
}

@misc{CHLOE:emulation_application_distribuees,
title={Émulation d'applications distribuées sur des plates-formes virtuelles simulées},
author={Chloé MACUR},
school={École Polytechnique},
year={2014},
}